<record xmlns='http://www.loc.gov/MARC21/slim'><leader>01340cim a22003372u 4500</leader><controlfield tag='001'>3604601</controlfield><controlfield tag='005'>20151214183429.0</controlfield><controlfield tag='007'>ss|lmnjluz|nuu</controlfield><controlfield tag='008'>991101s1984    nyunnn         l    eng d</controlfield><datafield ind1=' ' ind2=' ' tag='035'><subfield code='a'>(NIC)notisASG1666</subfield></datafield><datafield ind1=' ' ind2=' ' tag='035'><subfield code='a'>3604601</subfield></datafield><datafield ind1=' ' ind2=' ' tag='035'><subfield code='a'>(OCoLC)63903055</subfield></datafield><datafield ind1=' ' ind2=' ' tag='040'><subfield code='a'>NIC</subfield><subfield code='c'>NIC</subfield><subfield code='d'>NIC</subfield><subfield code='d'>NIC</subfield></datafield><datafield ind1='1' ind2=' ' tag='100'><subfield code='a'>Borlaug, Norman E.</subfield><subfield code='q'>(Norman Ernest),</subfield><subfield code='d'>1914-2009.</subfield></datafield><datafield ind1='1' ind2='0' tag='245'><subfield code='a'>Seeds and global politics</subfield><subfield code='h'>[sound recording]</subfield></datafield><datafield ind1=' ' ind2=' ' tag='260'><subfield code='c'>1984.</subfield></datafield><datafield ind1=' ' ind2=' ' tag='300'><subfield code='a'>1 sound cassette (53 min.) :</subfield><subfield code='b'>analog, mono.</subfield></datafield><datafield ind1=' ' ind2=' ' tag='500'><subfield code='a'>Recorded in Ithaca, NY by Cornell University.</subfield></datafield><datafield ind1=' ' ind2=' ' tag='500'><subfield code='a'>Sponsored by: Andrew D. White Professors-At-Large Program.</subfield></datafield><datafield ind1=' ' ind2=' ' tag='518'><subfield code='a'>Lecture, November 12, 1984.</subfield></datafield><datafield ind1=' ' ind2=' ' tag='520'><subfield code='a'>Borlaug discusses various social and political influences on the development of agriculture and international agricultural policy.</subfield></datafield><datafield ind1=' ' ind2='0' tag='650'><subfield code='a'>Agriculture</subfield><subfield code='x'>International cooperation.</subfield></datafield><datafield ind1=' ' ind2='0' tag='650'><subfield code='a'>Agricultural assistance.</subfield></datafield><datafield ind1=' ' ind2='0' tag='650'><subfield code='a'>Agriculture and politics.</subfield></datafield><datafield ind1=' ' ind2='7' tag='650'><subfield code='a'>Agricultural assistance</subfield><subfield code='2'>fast</subfield><subfield code='0'>(OCoLC)fst00800461</subfield></datafield><datafield ind1=' ' ind2='7' tag='650'><subfield code='a'>Agriculture and politics</subfield><subfield code='2'>fast</subfield><subfield code='0'>(OCoLC)fst00801720</subfield></datafield><datafield ind1=' ' ind2='7' tag='650'><subfield code='a'>Agriculture</subfield><subfield code='x'>International cooperation</subfield><subfield code='2'>fast</subfield><subfield code='0'>(OCoLC)fst00801551</subfield></datafield><datafield ind1=' ' ind2='0' tag='830'><subfield code='a'>Andrew D. White Professors-At-Large lectures.</subfield></datafield><datafield ind1='1' ind2=' ' tag='899'><subfield code='a'>CULectures</subfield></datafield><datafield ind1=' ' ind2=' ' tag='905'><subfield code='a'>20000307120000.0</subfield></datafield><datafield ind1='2' ind2=' ' tag='948'><subfield code='a'>20141221</subfield><subfield code='b'>m</subfield><subfield code='d'>batch</subfield><subfield code='e'>lts</subfield><subfield code='x'>addfast</subfield></datafield></record>